
@article{UchidaTanakaTanaka2009,
  title={Space saving and power efficient readout system for cosmic-ray muon radiography},
  author={Uchida, T. and Tanaka, H. K.M. and Tanaka, M.},
  journal={IEEE Transactions on Nuclear Science},
  volume={56},
  number={2},
  pages={448--452},
  year={2009},
  publisher={IEEE}
}

@article{GibertEtal2010,
  title={Muon tomography: Plans for observations in the Lesser Antilles},
  author={Gibert, D. and Beauducel, F. and D{\'e}clais, Y. and Lesparre, N. and Marteau, J. and Nicollin, F. and Tarantola, A.},
  journal={Earth, planets and space},
  volume={62},
  number={2},
  pages={153--165},
  year={2010},
  publisher={Springer}
}

@techreport{Desorgher2003,
address = {Bern, Germany},
author = {Desorgher, L.},
pages = {1--55},
publisher = {Physikalisches Institut, University of Bern},
institution = {Physikalisches Institut, University of Bern},
title = {{MAGNETOSCOSMICS, Geant4 application for simulating the propagation of cosmic rays through the Earth magnetosphere}},
year = {2003}
}

@techreport{HeckEtal1998,
	Author = {D. Heck and J. Knapp and J.N. Capdevielle and G. Schatz and T. Thouw},
	Institution = {Forschungszentrum Karlsruhe GmbH},
	Number = {FZKA 6019},
	Title = {CORSIKA : A Monte Carlo Code to Simulate Extensive Air Showers},
	pages = {1--98},
	Year = {1998}}

@ARTICLE{AsoreyNunezSuarez2018,
   author = {Asorey, H. and  N{\'u}{\~n}ez, L.~A. and Su{\'a}rez-Dur{\'a}n, M.},
  title={Preliminary results from the latin american giant observatory space weather simulation chain},
 journal={Space Weather},
  volume={16},
  number={5},
  pages={461--475},
  year={2018},
  publisher={Wiley Online Library}
}

@inproceedings{AsoreyEtal2015B,
title={The {LAGO} Space Weather Program: Directional Geomagnetic Effects, Background Fluence Calculations and Multi-Spectral Data Analysis},
author={H. Asorey and S. Dasso and L.A. N\'u{\~n}ez and Y. P\'erez and C. Sarmiento-Cano and M. Su\'arez-Dur\'an and {the LAGO Collaboration}},
booktitle = {The 34th International Cosmic Ray Conference},
volume={PoS(ICRC2015)},
pages={142},
year={2015}
}

@inproceedings{PenarodriguezEtal2019,
  title={Calibration and first measurements of MuTe: a hybrid Muon Telescope for geological structures},
  author={Pe{\~n}a-Rodr{\'\i}guez, J. and V{\'a}squez-Ram{\'\i}rez, A. and Sanabria-G{\'o}mez, J. and N\'u{\~n}ez, L. and Sierra-Porta, D. and Asorey, H.},
  booktitle={36th International Cosmic Ray Conference (ICRC2019)},
  volume={36},
  year={2019}
}

@article{Pitaya2016,
  title={Red Pitaya Documentation},
  author={Pitaya, Red},
  journal={Release 0.97. url: http://redpitaya. readthedocs. io/en/latest/(visited on 02/11/2017)},
  year={2016}
}

@article{NishiyamaMiyamotoNaganawa2014,
  doi = {10.5194/gi-3-29-2014},
  url = {https://doi.org/10.5194/gi-3-29-2014},
  year = {2014},
  month = apr,
  publisher = {Copernicus {GmbH}},
  volume = {3},
  number = {1},
  pages = {29--39},
  author = {R. Nishiyama and S. Miyamoto and N. Naganawa},
  title = {Experimental study of source of background noise in muon radiography using emulsion film detectors},
  journal = {Geoscientific Instrumentation,  Methods and Data Systems}
}

@article{KusagayaTanaka2015,
  title={Muographic imaging with a multi-layered telescope and its application to the study of the subsurface structure of a volcano},
  author={Kusagaya, T. and Tanaka, H.K.M.},
  journal={Proceedings of the Japan Academy, Series B},
  volume={91},
  number={9},
  pages={501--510},
  year={2015},
  publisher={The Japan Academy}
}

@article{NishiyamaEtal2016,
  title={Monte Carlo simulation for background study of geophysical inspection with cosmic-ray muons},
  author={Nishiyama, R. and Taketa, A. and Miyamoto, S. and Kasahara, K.},
  journal={Geophysical Journal International},
  volume={206},
  number={2},
  pages={1039--1050},
  year={2016},
  publisher={Oxford University Press}
}

@article{GomezEtal2017,
  title={Forward scattering effects on muon imaging},
  author={G{\'o}mez, H. and Gibert, D. and Goy, C. and Jourde, K. and Karyotakis, Y. and Katsanevas, S. and Marteau, J. and Rosas-Carbajal, M. and Tonazzo, A.},
  journal={Journal of Instrumentation},
  volume={12},
  number={12},
  pages={P12018},
  year={2017},
  publisher={IOP Publishing}
}


@article{Kaiser2019,
author = {Kaiser, R.},
title = {{Muography: overview and future directions}},
journal = {Philosophical Transactions of the Royal Society A: Mathematical, Physical and Engineering Sciences},
year = {2019},
volume = {377},
number = {2137},
pages = {20180049},
month = jan
}

@article{SaracinoEtal2017,
  doi = {10.1038/s41598-017-01277-3},
  url = {https://doi.org/10.1038/s41598-017-01277-3},
  year  = {2017},
  month = {apr},
  publisher = {Springer Nature},
  volume = {7},
  number = {1},
  author = {G. Saracino and L. Amato and F. Ambrosino and G. Antonucci and L. Bonechi and L. Cimmino and L. Consiglio and R. D.' Alessandro and E. De Luzio and G. Minin and P. Noli and L. Scognamiglio and P. Strolin and A. Varriale},
  title = {Imaging of underground cavities with cosmic-ray muons from observations at Mt. Echia (Naples)},
  journal = {Scientific Reports}
}

@article{FujiiEtal2013,
  doi = {10.1093/ptep/ptt046},
  url = {https://doi.org/10.1093/ptep/ptt046},
  year  = {2013},
  month = {jul},
  publisher = {Oxford University Press ({OUP})},
  volume = {2013},
  number = {7},
  author = {H. Fujii and K. Hara and S. Hashimoto and F. Ito and H. Kakuno and S.H. Kim and M. Kochiyama and K. Nagamine and A. Suzuki and Y. Takada and Y. Takahashi and F. Takasaki and S. Yamashita},
  title = {Performance of a remotely located muon radiography system to identify the inner structure of a nuclear plant},
  journal = {Progress of Theoretical and Experimental Physics}
}

@article{BlanpiedEtal2015,
  doi = {10.1016/j.nima.2014.11.027},
  url = {https://doi.org/10.1016/j.nima.2014.11.027},
  year  = {2015},
  month = {jun},
  publisher = {Elsevier {BV}},
  volume = {784},
  pages = {352--358},
  author = {G. Blanpied and S. Kumar and D. Dorroh and C. Morgan and I. Blanpied and M. Sossong and S. McKenney and B. Nelson},
  title = {Material discrimination using scattering and stopping of cosmic ray muons and electrons: Differentiating heavier from lighter metals as well as low-atomic weight materials},
  journal = {Nuclear Instruments and Methods in Physics Research Section A: Accelerators,  Spectrometers,  Detectors and Associated Equipment}
}

@inproceedings{GomezEtal2016,
  title={Studies on muon tomography for archaeological internal structures scanning},
  author={G\'omez, H. and Carloganu, C. and Gibert, D. and Jacquemier, J. and Karyotakis, Y. and Marteau, J. and Niess, V. and Katsanevas, S. and Tonazzo, A.},
  booktitle={Journal of Physics: Conference Series},
  volume={718},
  number={5},
  pages={052016},
  year={2016},
  organization={IOP Publishing}
}




@ARTICLE{ThompsonEtal2019,
       author = {{Thompson}, L.~F. and {Stowell}, J.~P. and {Fargher}, S.~J. and
         {Steer}, C.~A. and {Loughney}, K.~L. and {O'Sullivan}, E.~M. and
         {Gluyas}, J.~G. and {Blaney}, S.~W. and {Pidcock}, R.~J.},
        title = "{The application of muon tomography to the imaging of railway tunnels}",
      journal = {arXiv e-prints},
     keywords = {Physics - Instrumentation and Detectors, Physics - Geophysics},
         year = "2019",
        month = "Jun",
          eid = {arXiv:1906.05814},
        pages = {arXiv:1906.05814},
archivePrefix = {arXiv},
       eprint = {1906.05814},
 primaryClass = {physics.ins-det},
       adsurl = {https://ui.adsabs.harvard.edu/abs/2019arXiv190605814T},
      adsnote = {Provided by the SAO/NASA Astrophysics Data System}
}


@article{SierraPortaEtal2018,
  title={Astroparticle projects at the Eastern Colombia region: facilities and instrumentation},
  author={H. Asorey and R. Calder\'on-Ardila and C. R. Carvajal-Bohorquez and S. Hern\'andez-Barajas and L. Mart\'inez-Ram\'irez and A. Jaimes-Motta and F. Le\'on-Carre{\~n}o and J. Pe{\~n}a-Rodr\'iguez and J. Pisco-Guavabe and J.D. Sanabria-G\'omez and M. Su\'arez-Dur\'an and A. V\'asquez-Ram\'irez and K. Forero-Guti\'errez and J. Salamanca-Coy and L. A. N\'u{\~n}ez and D. Sierra-Porta},
  journal={Scientia et technica},
  volume={23},
  number={3},
  pages={391--396},
  year={2018}
}

@article{PenaRodriguezEtal2018,
  title={miniMuTe: A muon telescope prototype for studying volcanic structures with cosmic ray flux.},
  author={H. Asorey and R. Calder\'on-Ardila and K. Forero-Guti\'errez  and L. A. N\'u{\~n}ez and J. Pe{\~n}a-Rodr\'iguez and J. Salamanca-Coy and J.D. Sanabria-G\'omez and J. S\'anchez-Villafrades and D. Sierra-Porta},
  journal={Scientia et technica},
  volume={23},
  number={3},
  pages={386--390},
  year={2018}
}

@article{ParraAvila2019,
  title={Estimation of cosmic-muon flux attenuation by Monserrate Hill in Bogota},
  author={Useche-Parra, J.S. and Avila-Bernal, C.A.},
  journal={Journal of Instrumentation},
  volume={14},
  number={02},
  pages={P02015},
  year={2019},
  publisher={IOP Publishing}
}

@ARTICLE{AsoreyEtal2017B,
   author = {{Asorey}, H. and {N\'u\~nez}, L.~A. and {Sanabria-G\'omez}, J.~D. and 
	{Sarmiento-Cano}, C. and {Sierra-Porta}, D. and {Suarez-Duran}, M. and 
	{Valencia-Otero}, M. and {Vesga-Ram{\'{\i}}rez}, A.},
    title = "{Muon Tomography sites for Colombia volcanoes}",
  journal = {ArXiv e-prints},
archivePrefix = "arXiv",
   eprint = {1705.09884},
 primaryClass = "physics.geo-ph",
 keywords = {Physics - Geophysics},
     year = 2017,
    month = may,
   adsurl = {http://adsabs.harvard.edu/abs/2017arXiv170509884A},
  adsnote = {Provided by the SAO/NASA Astrophysics Data System}
}

@inproceedings{GuerreroEtal2019,
  title={Design and Construction of a Muon Detector Prototype for Study the Galeras Volcano Internal Structure},
  author={Guerrero, I.D. and Cabrera, D.F. and Paz, J.C. and Estrada, J.D. and Villota, C.A. and Velasco, E.A. and Fajardo, F.E. and Rodriguez, O. and Rodriguez, J. and Arturo, D. and Due\~nas, D. and Torres, D. and  Ramirez, J. and Revelo, J. and Ortega, G. and Benavides, D. and Betancourt, J. and Tapia, A.  and Mart\'inez-Caicedo, D.A.},
  booktitle={Journal of Physics: Conference Series},
  volume={1247},
  number={1},
  pages={012020},
  year={2019},
  organization={IOP Publishing}
}


@techreport{Cortes2016,
  author       = {Cort{\'e}s, G.P.}, 
  title        = {Informe de actividad volc\'anica segmento Norte de Colombia Diciembre de 2016},
  institution  = {Reporte interno, Manizales, Colombia. INGEOMINAS},
  year         = 2016,
  pages ={7}
}

@techreport{Agudelo2016,
  author       = {Agudelo, A.}, 
  title        = {Informe t\'ecnico de actividad de los volcanes Nevado del Huila, Purac\'e y Sotar\'a, durante el periodo de Diciembre de 2016},
  institution  = {Reporte Interno, Popayan, Colombia},
  year         = 2016,
  address      = {Servicio Geol\'ogico Colombiano},
  month        = 12,
  pages={80},
}

@techreport{Munoz2017,
  author       = {Mu{\~n}oz, E.}, 
  title        = {Informe mensual de actividad de los volcanes Galeras,Cumbal,Chiles y Cerro Negro, Las \'Animas, Dona Juana y Azufral},
  institution  = {Reporte interno, Pasto, Colombia. INGEOMINAS},
  year         = 2017,
  pages={66},
}

@article{Renker2006,
  title={Geiger-mode avalanche photodiodes, history, properties and problems},
  author={Renker, Dieter},
  journal={Nuclear Instruments and Methods in Physics Research Section A: Accelerators, Spectrometers, Detectors and Associated Equipment},
  volume={567},
  number={1},
  pages={48--56},
  year={2006},
  publisher={Elsevier}
}


@article{CalderonAsoreyNunez2015,
  title={Geant4 based simulation of the Water Cherenkov Detectors of the LAGO Project},
  author={Calder{\'o}n, R. and Asorey, H. and N{\'u}{\~n}ez, L.A. and LAGO Collaboration},
  journal={Nuclear and Particle Physics Proceedings},
  volume={267},
  pages={424--426},
  year={2015},
  publisher={Elsevier}
}

@article{EtchegoyenEtal2005,
	title = "Muon-track studies in a water Cherenkov
		detector ",
	journal = "Nuclear Instruments and Methods in Physics
		Research Section A: Accelerators, Spectrometers,
       		Detectors and Associated Equipment ",
	volume = "545",
	number = "3",
	pages = "602 - 612",
	year = "2005",
	note = "",
	issn = "0168-9002",
	doi = "http://dx.doi.org/10.1016/j.nima.2005.02.016",
	url = "http://www.sciencedirect.com/science/article/pii/S016890020500759X",
	author = "A. Etchegoyen and P. Bauleo and X. Bertou and
		C.B. Bonifazi and A. Filevich and M.C. Medina
		and D.G. Melo and A.C. Rovero and A.D.
		Supanitsky and A. Tamashiro",
	keywords = "Ultra high energy cosmic rays",
	keywords = "Water Cherenkov detectors",
	keywords = "Crossing muons",
	keywords = "Simulations and semi-analytical model "
}


@article{JourdeEtal2013,
  title={Experimental detection of upward going cosmic particles and consequences for correction of density radiography of volcanoes},
  author={Jourde, K. and Gibert, D. and Marteau, J. and de Bremond d'Ars, J. and Gardien, S. and Girerd, C. and Ianigro, J-C and Carbone, D.},
  journal={Geophysical Research Letters},
  volume={40},
  number={24},
  pages={6334--6339},
  year={2013},
  publisher={Wiley Online Library}
}


@article{MarteauEtal2012,
	title = "Muons tomography applied to geosciences and volcanology ",
	journal = "Nuclear Instruments and Methods in Physics Research 
		Section A: Accelerators, Spectrometers, Detectors and 
		Associated Equipment",
	volume = "695",
	number = "",
	pages = "23 - 28",
	year = "2012",
	note = "New Developments in Photodetection NDIP11",
	issn = "0168-9002",
	doi = "http://dx.doi.org/10.1016/j.nima.2011.11.061",
	url = "http://www.sciencedirect.com/science/article/pii/S016890021102105X",
	author = "J. Marteau and D. Gibert and N. Lesparre and F. Nicollin 
		and P. Noli and F. Giacoppo",
	keywords = "Cosmic rays",
	keywords = "Muon",
	keywords = "Volcano",
	keywords = "Tomography",
	keywords = "Telescope "
}

@article{AnastasioEtal2013,
	title = "The MU-RAY detector for muon radiography of volcanoes ",
	journal = "Nuclear Instruments and Methods in Physics Research 
		Section A: Accelerators, Spectrometers, Detectors and Associated Equipment ",
	volume = "732",
	number = "",
	pages = "423 - 426",
	year = "2013",
	note = "Vienna Conference on Instrumentation 2013 ",
	issn = "0168-9002",
	doi = "http://dx.doi.org/10.1016/j.nima.2013.05.159",
	url = "http://www.sciencedirect.com/science/article/pii/S0168900213007705",
	author = "A. Anastasio and F. Ambrosino and D. Basta and L. Bonechi and M. Brianzi and A. Bross and S. Callier and A. Caputo and R. Ciaranfi and L. Cimmino and R. D'Alessandro and L. D'Auria and C. de La Taille and S. Energico and F. Garufi and F. Giudicepietro and A. Lauria and G. Macedonio and M. Martini and V. Masone and C. Mattone and M.C. Montesi and P. Noli and M. Orazi and G. Passeggio and R. Peluso and A. Pla-Dalmau and L. Raux and P. Rubinov and G. Saracino and E. Scarlini and G. Scarpato and G. Sekhniaidze and O. Starodubtsev and P. Strolin and A. Taketa and H.K.M. Tanaka and A. Vanzanella",
	keywords = "Muon radiography",
	keywords = "Muon detector",
	keywords = "SiPM",
	keywords = "Volcanoes",
	keywords = "Muography "
}

@article{CarloganuEtal2013,
  title={Towards a muon radiography of the Puy de D{\^o}me},
  author={Carloganu, C. and Niess, V. and Bene, S. and Busato, E. and Dupieux, P. and Fehr, F. and Gay, P. and Miallier, D. and Vulpescu, B. and Boivin, P. },
  journal={Geoscientific Instrumentation, Methods and Data Systems},
  volume={2},
  pages={55--60},
  year={2013}
}

@article {LesparreEtal2010,
	author = {Lesparre, N. and Gibert, D. and Marteau, J. and 
		D\'eclais, Y. and Carbone, D. and Galichet, E.},
	title = {Geophysical muon imaging: feasibility and limits},
	journal = {Geophysical Journal International},
	volume = {183},
	number = {3},
	publisher = {Blackwell Publishing Ltd},
	issn = {1365-246X},
	url = {http://dx.doi.org/10.1111/j.1365-246X.2010.04790.x},
	doi = {10.1111/j.1365-246X.2010.04790.x},
	pages = {1348--1361},
	keywords = {Inverse theory, Spatial analysis, Tomography},
	year = {2010},
}

@article{MorishimaEtal2017,
  title={Discovery of a big void in Khufu’s Pyramid by observation of cosmic-ray muons},
  author={Morishima, K. and Kuno, M. and Nishio, A. and Kitagawa, N. and Manabe, Y. and Moto, M. and Takasaki, F. and Fujii, H. and Satoh, K. and Kodama, H. },
  journal={Nature},
  volume={552},
  number={7685},
  pages={386},
  year={2017},
  publisher={Nature Publishing Group}
}

@article{Nagamine2016,
  title={Radiography with cosmic-ray and compact accelerator muons; Exploring inner-structure of large-scale objects and landforms},
  author={Nagamine, K.},
  journal={Proceedings of the Japan Academy, Series B},
  volume={92},
  number={8},
  pages={265--289},
  year={2016},
  publisher={The Japan Academy}
}

@inproceedings{SehgalEtal2016,
  title={Simulations and Track Reconstruction for Muon Tomography using Resistive Plate Chambers},
  author={Sehgal, R. and Kashyap, V.K.S. and Kanungo, I. and Saxena, A. and Jain, A. and Jindal, A. and Singh, V. and Kanavi, P. and Sehgal, S.T. and Kekre, G. },
  booktitle={DAE Symp. Nucl. Phys.},
  volume={61},
  pages={1034--1035},
  year={2016}
}

@inproceedings{Fehr2012,
  title={Density imaging of volcanos with atmospheric muons},
  author={Fehr, F. and Tomuvol Collaboration},
  booktitle={Journal of Physics: Conference Series},
  volume={375},
  number={5},
  pages={052019},
  year={2012},
  organization={IOP Publishing}
}

@article{BouteilleEtal2016,
  title={A Micromegas-based telescope for muon tomography: The WatTo experiment},
  author={Bouteille, S. and Atti{\'e}, D. and Baron, P. and Calvet, D. and Magnier, P. and Mandjavidze, I. and Riallot, M. and Winkler, M.},
  journal={Nuclear Instruments and Methods in Physics Research Section A: Accelerators, Spectrometers, Detectors and Associated Equipment},
  volume={834},
  pages={223--228},
  year={2016},
  publisher={Elsevier}
}

@article{OlahEtal2018,
  title={High-definition and low-noise muography of the Sakurajima volcano with gaseous tracking detectors},
  author={Ol{\'a}h, L. and Tanaka, H.K.M. and Ohminato, T. and Varga, D.},
  journal={Scientific reports},
  volume={8},
  number={1},
  pages={3207},
  year={2018},
  publisher={Nature Publishing Group}
}


@article{LesparreEtal2012,
	title = {{Design and operation of a field telescope for cosmic ray 
		geophysical tomography}},
	author = {Lesparre, N. and Marteau, J. and D{\'e}clais, Y. and Gibert, 
		D. and Carlus, B. and Nicollin, F. and Kergosien, 
		B.},
	url = {https://hal-insu.archives-ouvertes.fr/insu-00814367},
	journal = {{Geoscientific Instrumentation Methods and Data Systems}},
	hal_local_reference = {PL03081},
	volume = {1},
	pages = {33-42},
	year = {2012},
	doi = {10.5194/gi-1-33-2012},
	pdf = {https://hal-insu.archives-ouvertes.fr/insu-00814367/file/PL03081.pdf},
	hal_id = {insu-00814367},
	hal_version = {v1}
}

@misc{Slawomir2014,
	author = {Slawomir P. and Hamamatsu Corporation and New Jersey Institute 
		of Technology},
	title = {Measuring the electrical and optical properties of an MPPC},
	url = "http://www.hamamatsu.com/jp/en/community/optical\_sensors/sipm/
		measuring\_mppc/index.html",
	urldate = {2014},
	year = {2014}
}

@misc{HamamatsuSipm2016,
	author = {{Hamamatsu Photonics K.K., Solid State Division}},
	title = {Multi-Pixel Photon Counter: S13360 Serires},	
	url = "http://www.hamamatsu.com/resources/pdf/ssd/s13360\_
		series\_kapd1052e.pdf",
	urldate = {2016},
	year = {2016}
}

@misc{HamamatsuSipm2015,
	author = {{Hamamatsu Photonics K.K., Solid State Division}},
	title = {Multi-Pixel Photon Counter: S12751-025, -050, -100C/P},	
	url = "http://www.hamamatsu.com/resources/pdf/ssd/s12751-025\_etc\_kapd1042e.pdf",
	urldate = {2015},
	year = {2015}
}

@article{TanakaEtal2009,
	author = {Tanaka, H.K.M. and Uchida, T. and Tanaka, M. and Shinohara, H. and Taira, H.},
	title = {Cosmic-ray muon imaging of magma in a conduit: Degassing 
		process of Satsuma Iwojima Volcano, Japan},
	journal = {Geophysical Research Letters},
	volume = {36},
	number = {1},
	issn = {1944-8007},
	url = {http://dx.doi.org/10.1029/2008GL036451},
	doi = {10.1029/2008GL036451},
	keywords = {Cosmic-ray muon, radiography, degassing},
	year = {2009}
}

@article{NagamineEtal1995,
	title = "Method of probing inner-structure of geophysical substance with 
		the horizontal cosmic-ray muons and possible application to volcanic 
		eruption prediction",
	journal = "Nuclear Instruments and Methods in Physics Research Section A: 
		Accelerators, Spectrometers, Detectors and Associated Equipment",
	volume = "356",
	number = "2",
	pages = "585 - 595",
	year = "1995",
	note = "",
	issn = "0168-9002",
	doi = "http://dx.doi.org/10.1016/0168-9002(94)01169-9",
	url = "http://www.sciencedirect.com/science/article/pii/0168900294011699",
	author = "Nagamine, K. and Iwasaki, M. and Shimomura, K. and Ishida, K."
}

@article{AguiarEtal2015,
  title={Geant4-GATE simulation of a large plastic scintillator for muon radiography},
  author={Aguiar, P. and Casarejos, E. and Silva-Rodr{\'\i}guez, J. and Vilan, J.A. and Iglesias, A.},
  journal={IEEE Transactions on Nuclear Science},
  volume={62},
  number={3},
  pages={1233--1238},
  year={2015},
  publisher={IEEE}
}

@article{TangEtal2016,
  title={A large area plastic scintillation detector with 4-corner-readout},
  author={Tang, S.W and Yu, Y.H. and Zhou, Y. and Sun, Z.Y. and Zhang, X.H. and Wang, S.T. and Yue, K. and Liu, L.X. and Fang, F. and Yan, D.},
  journal={Chinese Physics C},
  volume={40},
  number={5},
  pages={056001},
  year={2016},
  publisher={IOP Publishing}
}

@article{PlaBrossMellot2001,
  title={Low-cost extruded plastic scintillator},
  author={Pla-Dalmau, Anna and Bross, Alan D and Mellott, Kerry L},
  journal={Nuclear Instruments and Methods in Physics Research Section A: Accelerators, Spectrometers, Detectors and Associated Equipment},
  volume={466},
  number={3},
  pages={482--491},
  year={2001},
  publisher={Elsevier}
}

@incollection{Saha2006,
  title={Scintillation and semiconductor detectors},
  author={Saha, Gopal B},
  booktitle={Physics and Radiobiology of Nuclear Medicine},
  pages={81--107},
  year={2006},
  publisher={Springer}
}

@inproceedings{KlettHaefnerReuter2006,
  title={Comparison of scintillation and gas filled detectors for contamination monitoring},
  author={Klett, Alfred and Haefner, Peter and Reuter, Wilfried},
  booktitle={2nd European IRPA Congress On Radiation Protection},
  year={2006}
}

@inproceedings{PlaBrossRykalin2003,
  title={Extruding plastic scintillator at Fermilab},
  author={Pla-Dalmau, Anna and Bross, Alan D and Rykalin, Victor V},
  booktitle={2003 IEEE Nuclear Science Symposium. Conference Record (IEEE Cat. No. 03CH37515)},
  volume={1},
  pages={102--104},
  year={2003},
  organization={IEEE}
}

@article{TanakaOlah2019,
author = {Tanaka, H. K. M. and Ol{\'a}h, L.},
title = {{Overview of muographers}},
journal = {Philosophical Transactions of the Royal Society A: Mathematical, Physical and Engineering Sciences},
year = {2019},
volume = {377},
number = {2137},
pages = {20180143},
month = jan
}

@misc{SaintGobain2005,
	author = {Saint-Gobain Ceramics and Plastics Inc.},	
	title = {Scintillation products, scintillating optical 
		fibers specification datasheet.},
	year = {2005}
}

@manual{SaintGobain2017,
    organization  = "Saint-Gobain Ceramics \& Plastics",
    title      = "Plastic Scintillating Fibers",
    year          =  2017,   
    note          = "Rev. 1",
    url={https://www.crystals.saint-gobain.com/sites/imdf.crystals.com/files/documents/fiber-product-sheet.pdf}
}

@manual{Hamamatsu2018,
    organization  = "Hamamatsu",
    title         = "MPPCs for precision measurement",
    year          =  2018,
    month         =  5,    
    note          = "Rev. 1",
    url={https://www.hamamatsu.com/resources/pdf/ssd/s13360_series_kapd1052e.pdf}
}

@article{MichaelEtal2008,
  title={The magnetized steel and scintillator calorimeters of the MINOS experiment},
  author={Michael, DG and Adamson, P and Alexopoulos, T and Allison, WWM and Alner, GJ and Anderson, K and Andreopoulos, C and Andrews, M and Andrews, R and Arroyo, C and others},
  journal={Nuclear Instruments and Methods in Physics Research Section A: Accelerators, Spectrometers, Detectors and Associated Equipment},
  volume={596},
  number={2},
  pages={190--228},
  year={2008},
  publisher={Elsevier}
}

@inproceedings{SarmientoEtal2019,
  title={Modeling the LAGO's detectors response to secondary particles at ground level from the Antarctic to Mexico},
  author={Sarmiento-cano, C and Su{\'a}rez-Dur{\'a}n, M and V{\'a}squez-Ram{\'\i}rez, A and Jaimes-Motta, A and Calder{\'o}n-Ardila, R and Pe{\~n}a-Rodr{\'\i}guez, J},
  booktitle={36th International Cosmic Ray Conference (ICRC2019)},
  volume={36},
  year={2019}
}